@unpublished{VorlesungsskriptWP,
	author = {L. Kühl},
	title = {Heizungstechnik II Vorlesungsskript - Wärmepumpen},
	date = {2021},
	month = {12},
	day = {16},
}
@online{PlädoyerWolff,
	title={Plädoyer für kalte versus warme Nah- und Fernwärmenetze aus erneuerbaren Quellen},
	author={D. Wolff and K. Jagnow},
	url={https://www.delta-q.de/projekte/waermenetze/#kalt},
	month = {12},
	year={2021},
	version={10.2022}
}
@online{StandpunkteWolff,
	title={Standpunkte zur Energie- und Wärmewende im Gebäudebereich
	nach der 1. Eröffnungsbilanz Klimaschutz des BMWK am 11. Januar 2022},
	author={D. Wolff and K. Jagnow},
	url={https://www.delta-q.de/projekte/waermenetze/#kalt},
	month = {01},
	year={2022},
	version={10.2022}
}
@book{DIN_4708_Teil2, 
	title = {DIN 4708 Teil 2 - Zentrale Wassererwärmungsanlagen},
	subtitle = {Regeln zur Ermittlung des Wärmebedarfs zur Erwärmung von Trinkwasser in Wohngebäuden},
	year = {1994},
	month = {04},
	author = {Deutsche Institut für Normung},
	publisher = {Deutsche Institut für Normung e. V. (DIN)},
}
@book{Thermo,
	author = {G. Cerbe and G. Wilhelms},
	title = {Technische Thermodynamik},
	date = {2017},
	subtitle = {Theoretische Grundlagen und praktische Anwendungen},
	part = {18., überarbeitete Auflage},
	publisher = {Carl Hanser Verlag},
	location = {München},
}